@article{article:dummy,
author = {John Smith and Mary Williams},
journal = {Journal of Publications},
month = Jan,
pages = {0-0},
title = {A Dummy Citation Entry},
volume = {0},
year = {0000}
}