@book{lyons1991natural,
    author = {Lyons, John},
    title = {Natural language and universal grammar},
    publisher = {Cambridge University Press},
    year = {1991},
    address = {Cambridge England New York},
    isbn = {9780521246965}
}

@online{wikimedia2015basiccpu,
    author = {Lambtron},
    title = {Block diagram of a basic computer with uniprocessor CPU. (CC BY-SA 4.0)},
    year = {2015},
    url = {https://en.wikipedia.org/wiki/File:ABasicComputer.gif},
    urldate = {2019-11-26}
}

@misc{riscv_spec,
    author = {Andrew Waterman and Yunsup Lee and David Patterson and Krste Asanovi},
    title = {The RISC-V Instruction Set Manual, Volume I: User-Level ISA Version 20191213},
    year = {2019}
}

@misc{riscv_spec2,
    author = {Andrew Waterman and Yunsup Lee and David Patterson and Krste Asanovi},
    title = {The RISC-V Instruction Set Manual, Volume II: Privileged Architecture Version 20190608},
    year = {2019}
}

@online{fpga_arch_abstraction,
    author = {Adam College and Cristopher Doyle and Annmarie Rynning},
    title = {FPGA Flexible Architecture - Olin College of Engineering},
    url = {http://ca.olin.edu/2005/fpga{\_}dsp/images/fpga001.jpg},
    urldate = {2019-11-26}
}

@online{fpga_switch_box,
    author = {Stannered},
    title = {Switch Box},
    url = {https://en.wikipedia.org/wiki/File:Switch{\_}box.svg},
    urldate = {2019-11-26}
}

